@online{reddit_limit_switches,
    title = {Design Issue with Ender 3 V2 Limit Switches},
    author = {Anonymous},
    year = {2024},
    url = {https://www.reddit.com/r/ender3v2/comments/10bpg24/design_issue_with_ender_3_v2_limit_switches/},
    urldate = {2024-04-30}
}

https://www.reddit.com/r/ender3/comments/oteqxa/ender_3_bed_thermistor_replacement_solder_or_no/
@online{reddit_bed_thermistor,
    title = {Ender 3 Bed Thermistor Replacement - solder or no?},
    author = {Anonymous},
    year = {2024},
    url = {https://www.reddit.com/r/ender3/comments/oteqxa/ender_3_bed_thermistor_replacement_solder_or_no/},
    urldate = {2024-04-30}
}

@article{voorbeeld,
  author  = "Jan Jansen",
  title   = "Titel van het artikel",
  year    = "2021",
  journal = "Naam van het tijdschrift",
  volume  = "5",
  number  = "2",
  pages   = "100--200"
}